@inproceedings{breen:2004:COLING,
  author    = {Breen, Jim},
  title     = {Multiple Indexing in an Electronic Kanji Dictionary},
  booktitle = {COLING 2004 Enhancing and using electronic dictionaries },
  editor = {Michael Zock},
  year      = 2004,
  month     = {August 29th},
  address   = {Geneva, Switzerland},
  publisher = {COLING},
  pages     = {1--7}
}

