@inproceedings{apel-quint:2004:COLING,
  author    = {Apel, Ulrich  and  Quint, Julien},
  title     = {Building a Graphetic Dictionary for Japanese kanji - Character Look-up Based on Brush Strokes or Stroke Groups, and the Display of Kanji as Path Data},
  booktitle = {COLING 2004 Enhancing and using electronic dictionaries },
  editor = {Michael Zock},
  year      = 2004,
  month     = {August 29th},
  address   = {Geneva, Switzerland},
  publisher = {COLING},
  pages     = {36--39}
}

