@inproceedings{Agrawal2009,
 author = {Agrawal, Sandip and Constandache, Ionut and Gaonkar, Shravan and Choudhury, Romit Roy},
 title = {{P}honePoint {P}en: {U}sing {M}obile {P}hones to {W}rite {I}n {A}ir},
 booktitle = {MobiHeld '09: Proceedings of the 1st ACM workshop on Networking, systems, and applications for mobile handhelds},
 year = {2009},
 isbn = {978-1-60558-444-7},
 pages = {1--6},
 location = {Barcelona, Spain},
 doi = {http://doi.acm.org/10.1145/1592606.1592608},
 publisher = {ACM},
 address = {New York, NY, USA},
 }

@Article{Bashir2008,
  author = 	 {Muzaffar Bashir and Jürgen Kempf},
  title = 	 {{R}educed {D}ynamic {T}ime {W}arping for {H}andwriting {R}ecognition {B}ased on {M}ultidimensional {T}ime {S}eries of a {N}ovel {P}en {D}evice},
  journal = 	 {International Journal of Intelligent Systems and Technologies, WASET},
  year = 	 {2008},
  key = 	 {31},
  volume = 	 {3},
  number = 	 {4},
  pages = 	 {194},
  month = 	 {Fall}
}

 @InCollection{Bharath2009,
  author = 	 {A. Bharath and Sriganesh Madhvanath},
  title = 	 {{O}nline {H}andwriting {R}ecognition for {I}ndic {S}cripts},
  booktitle = 	 {Guide to OCR for Indic Scripts},
  pages = 	 {209-234},
  publisher = {Springer},
  year = 	 {2009},
  editor = 	 {Venu Govindaraju and Srirangaraj (Ranga) Setlur},
  series = 	 {Advances in Pattern Recognition},
  address = 	 {London},
  month = 	 {September},
  doi = {10.1007/978-1-84800-330-9},
  url = {http://www.springerlink.com/content/j054416637102867/},
  isbn = {978-1-84800-329-3 (Print) 978-1-84800-330-9 (Online)}
}

@article{Blostein1999,
 author = {Blostein, Dorothea and Haken, Lippold},
 title = {{U}sing {D}iagram {G}eneration {S}oftware to {I}mprove {D}iagram {R}ecognition: {A} {C}ase {S}tudy of {M}usic {N}otation},
 journal = {IEEE Trans. Pattern Anal. Mach. Intell.},
 volume = {21},
 number = {11},
 year = {1999},
 issn = {0162-8828},
 pages = {1121--1136},
 doi = {http://dx.doi.org/10.1109/34.809106},
 publisher = {IEEE Computer Society},
 address = {Washington, DC, USA},
 }

@InCollection{ChanYeung2001,
  author = 	 {Kam-Fai Chan and Dit-Yan Yeung},
  title = 	 {Error {D}etection, {E}rror {C}orrection and {P}erformance {E}valuation in {O}n-{L}ine {M}athematical {E}xpression {R}ecognition},
  booktitle = 	 {Pattern Recognition},
  pages = 	 {1671-1684},
  year = 	 {2001},
  volume = 	 {34},
  publisher = {Elsevier Science Inc.}
}

@incollection{ChenLee1996,
     author = {Ju-Wei Chen and Suh-Yin Lee},
     title = {{A} {H}ierarchical {R}epresentation for the {R}eference {D}atabase of {O}n-{L}ine {C}hinese {C}haracter {R}ecognition},
     booktitle = {Advances in Structural and Syntactical Pattern Recognition},
     year = {1996},
     pages = {351-360},
     publisher = {Springer},
     address = {Berlin/Heidelberg, Germany},
     volume = {1121},
     series ={Lecture Notes in Computer Science}
}

@Article{Chu2002,
  author = 	 {Selina Chu and Eamonn Keogh and David Hart and Michael J. Pazzani},
  title = 	 {{I}terative {D}eepening {D}ynamic {T}ime {W}arping for {T}ime {S}eries},
  journal = 	 {Second SIAM International Conference on Data Mining (SDM-02)},
  year = 	 {2002}
}

@incollection{EncyclopediaBritannicaDevanagari,
  author = {{Encyclopædia Britannica Inc.}},
  booktitle = {Encyclopædia Britannica},
  title = {Devanāgarī},
  url = {http://www.britannica.com/EBchecked/topic/159937/Devanagari},
  note = {Retrieved November 30, 2009 from \url{http://www.britannica.com/EBchecked/topic/159937/Devanagari}},
  year = {2009}
}


@Article{Goldberg1915,
  author = 	 {Goldberg, Hyman Eli},
  title = 	 {{C}ontroller},
  journal = 	 {United States Patent 1,116,663},
  year = 	 {1915},
  month = 	 {December},
  url =          {http://www.freepatentsonline.com/1117184.pdf},
  pages = {0},
  number = {0},
  volume = {0}
}

@InBook{Hadamitzky1995,
  author = 	 {Wolgang Hadamitzky},
  title = 	 {Kanji und Kana},
  chapter = 	 {Lateinumschrift},
  publisher = 	 {Langenscheidt KG},
  year = 	 {1995},
  number = 	 {1},
  address = 	 {Berlin},
}

@article{Hu1996,
author = {Jianying Hu and Michael K. Brown and William Turin},
title = {HMM Based On-Line Handwriting Recognition},
journal ={IEEE Transactions on Pattern Analysis and Machine Intelligence},
volume = {18},
number = {10},
issn = {0162-8828},
year = {1996},
pages = {1039-1045},
doi = {http://doi.ieeecomputersociety.org/10.1109/34.541414},
publisher = {IEEE Computer Society},
address = {Los Alamitos, CA, USA},
}

@Article{Jaeger2001,
  author = 	 {S. Jaeger and  S. Manke and J. Reichert and A. Waibel},
  title = 	 {{O}n-{L}ine {H}andwriting {R}ecognition: {T}he {N}pen++ {R}ecognizer},
  journal = 	 {International Journal on Document Analysis and Recognition},
  year = 	 {2001},
  volume = 	 {3},
  number = 	 {3},
  pages = 	 {169-181}
}

@article{Jaeger2001a,
    author = {Stefan Jaeger and Masaki Nakagawa},
    title = {{T}wo {O}n-{L}ine {J}apanese {C}haracter {D}atabases in {U}nipen {F}ormat},
    journal ={Document Analysis and Recognition, International Conference on},
    volume = {0},
    year = {2001},
    isbn = {0-7695-1263-1},
    pages = {0566},
    doi = {http://doi.ieeecomputersociety.org/10.1109/ICDAR.2001.953853},
    publisher = {IEEE Computer Society},
    address = {Los Alamitos, CA, USA}
}

@Article{Joshi2004a,
    author = {Niranjan Joshi and G. Sita and A G. Ramakrishnan and Sriganesh Madhvanath},
  title = {{C}omparison of {E}lastic {M}atching {A}lgorithms for {O}nline {T}amil {H}andwritten {C}haracter {R}ecognition},
  journal ={International Workshop on Frontiers in Handwriting Recognition},
  volume = {0},
  year = {2004},
  publisher = {IEEE Computer Society},
  address = {Los Alamitos, CA, USA},
  month = {October}
}

@incollection{Joshi2004b,
    author = {Niranjan Joshi and G. Sita and A G. Ramakrishnan and Sriganesh Madhvanath},
     title = {{T}amil {H}andwriting {R}ecognition {U}sing {S}ubspace and {DTW} {B}ased {C}lassifiers},
     booktitle = {Neural Information Processing},
     year = {2004},
     pages = {806-813},
     publisher = {Springer},
     address = {Berlin/Heidelberg, Germany},
     volume = {3316},
     series ={Lecture Notes in Computer Science},
     doi = {10.1007/b103766},
     month = {October},
     isbn = {978-3-540-23931-4},
     issn = {0302-9743 (Print) 1611-3349 (Online)}
}

@article{Joshi2005,
    author = {Niranjan Joshi and G. Sita and A G. Ramakrishnan and V. Deepu and Sriganesh Madhvanath},
    title = {{M}achine {R}ecognition of {O}nline {H}andwritten {D}evanagari {C}haracters},
    journal ={International Conference on Document Analysis and Recognition},
    volume = {0},
    year = {2005},
    issn = {1520-5263},
    pages = {1156-1160},
    doi = {http://doi.ieeecomputersociety.org/10.1109/ICDAR.2005.156},
    publisher = {IEEE Computer Society},
    address = {Los Alamitos, CA, USA}
}

@Article{Keogh2001,
  author = 	 {Eamonn Keogh and Michael J. Pazzani},
  title = 	 {{D}erivative {D}ynamic {T}ime {W}arping},
  journal = 	 {First SIAM International Conference on Data Mining (SDM'2001)},
  year = 	 {2002},
  address = {Chicago, USA}
}


@article{LiuJaegerNakagawa2004,
     author = {Chen-Lin Liu and Stefan Jaeger and Masaki Nakagawa},
     title = {{O}nline {R}ecognition of {C}hinese {C}haracters: {T}he {S}tate-of-the-{A}rt},
     journal ={IEEE Transactions on Pattern Analysis and Machine Intelligence},
     volume = {26},
     year = {2004},
     pages = {198-213},
     publisher = {IEEE Computer Society},
     address = {Los Alamitos, CA, USA}
}

@incollection{Nakagawa2008,
     author = {Masaki Nakagawa and Junko Tokuno and Bilan Zhu and Motoki Onuma and Hideto Oda and Akihito Kitadai},
     title = {{R}ecent {R}esults of {O}nline {J}apanese {H}andwriting {R}ecognition and {I}ts {A}pplications},
     booktitle = {Arabic and Chinese Handwriting Recognition},
     year = {2008},
     editor = {David Doermann and Stefan Jaeger},
     pages = {170-195},
     publisher = {Springer},
     address = {Berlin/Heidelberg, Germany},
     volume = {4768},
     series ={Lecture Notes in Computer Science},
     doi = {10.1007/978-3-540-78199-8_11}
}

@article{Nakai2001,
author = {Mitsuru Nakai and Naoto Akira and Hiroshi Shimodaira and Shigeki Sagayama},
title = {{S}ubstroke {A}pproach to {HMM}-{B}ased {O}n-{L}ine {K}anji {H}andwriting {R}ecognition},
journal ={International Conference on Document Analysis and Recognition},
volume = {0},
year = {2001},
isbn = {0-7695-1263-1},
pages = {0491},
doi = {http://doi.ieeecomputersociety.org/10.1109/ICDAR.2001.953838},
publisher = {IEEE Computer Society},
address = {Los Alamitos, CA, USA},
}

@inproceedings{Nakai2003,
     author = {Mitsuru Nakai and Hiroshi Shimodaira and Shigeki Sagayama}, 
     title = {{G}eneration of {H}ierarchical {D}ictionary for {S}troke-{O}rder {F}ree {K}anji {H}andwriting {R}ecognition {B}ased on {S}ubstroke {HMM}}, 
     booktitle = {Proceecings of Seventh Int’l Conf. Document Analysis and Recognition}, 
     year = {2003},
     pages = {514-518}
}

@MastersThesis{Negussie2008,
  author = 	 {Daniel Negussie},
  title = 	 {{W}riter {I}ndependent {O}nline {H}andwriting {R}ecognition for {E}thiopic {C}haracters},
  school = 	 {Addis Ababa University},
  year = 	 {2008},
  address = 	 {Addis Ababa, Ethiopia},
  month = 	 {August},
  note =         {Advisor: Dr. Solomon Atnafu}
}

@MastersThesis{Niels2004,
  author = 	 {Ralph Niels},
  title = 	 {{D}ynamic {T}ime {W}arping: {A}n {I}ntuitive {W}ay of {H}andwriting {R}ecognition?},
  school = 	 {Radboud University},
  year = 	 {2004},
  address = 	 {Nijmegen, The Netherlands},
  note = 	 {Manuscript committee: Dr. L.G. Vuurpijl (supervisor), Prof. Dr. C.M. Jonker and Dr. P.A. Kamsteeg},
}

@InProceedings{Niels2005,
  author = 	 {Ralph Niels and Louis Vuurpijl},
  title = 	 {{D}ynamic {T}ime {W}arping {A}pplied to {T}amil {C}haracter {R}ecognition},
  OPTbooktitle = {Proceedings of the 8th International Conference on Document Analysis and Recognition (ICDAR2005)},
  pages = 	 {730-734},
  year = 	 {2005},
  address = 	 {Seoul, Korea},
  month = 	 {August 29-September 1}
}

@article{Nishida1995,
 author = {Nishida, Hirobumi},
 title = {An {A}pproach to {I}ntegration of {O}ff-{L}ine and {O}n-{L}ine {R}ecognition of {H}andwriting},
 journal = {Pattern Recogn. Lett.},
 volume = {16},
 number = {11},
 year = {1995},
 issn = {0167-8655},
 pages = {1213--1219},
 doi = {http://dx.doi.org/10.1016/0167-8655(95)00071-N},
 publisher = {Elsevier Science Inc.},
 address = {New York, NY, USA},
 }

@inproceedings{Okumura2005,
     author = {D. Okumura and S. Uchida and H. Sakoe}, 
     title = {{A}n {HMM} {I}mplementation for {O}n-{L}ine {H}andwriting {R}ecognition {B}ased on {P}en-{C}oordinate {F}eature and {P}en-{D}irection {F}eature}, 
     booktitle = {Proceedings of International Conference on Document Analysis and Recognition}, 
     year = {2005},
     volume = {1},
     pages = {26-30},
     address = {Korea},
     month = {August}
}

@article{ Plamondon2000,
     author = {Réjean Plamondon and Sargur N. Srihari},
     title = {On-Line and Off-Line Handwriting Recognition: A Comprehensive Survey},
     journal ={IEEE Transactions on Pattern Analysis and Machine Intelligence},
     volume = {22},
     number = {1},
     issn = {0162-8828},
     year = {2000},
     pages = {63-84},
     doi = {http://doi.ieeecomputersociety.org/10.1109/34.824821},
     publisher = {IEEE Computer Society},
     address = {Los Alamitos, CA, USA}
}

@article{Santosh2009,
     author = 	 {K.C. Santosh and Cholwich Nattee},
     title = 	 {A {C}omprehensive {S}urvey on {O}n-{L}ine {H}andwriting {R}ecognition {T}echnology and its {R}eal {A}pplication to the {N}epalese {N}atural {H}andwriting},
     journal = 	 {Kathmandu University Journal of Sience, Engineering and Technology},
     year = 	 {2009},
     volume = 	 {6},
     number = 	 {I},
     pages = 	 {30-54}
}

@article{ Shimodaira2003,
     author = {Hiroshi Shimodaira and Takashi Sudo and Mitsuru Nakai and Shigeki Sagayama},
     title = {{O}n-line {O}verlaid-{H}andwriting {R}ecognition {B}ased on {S}ubstroke {HMM}s},
     journal ={Document Analysis and Recognition, International Conference on},
     volume = {2},
     year = {2003},
     isbn = {0-7695-1960-1},
     pages = {1043},
     doi = {http://doi.ieeecomputersociety.org/10.1109/ICDAR.2003.1227816},
     publisher = {IEEE Computer Society},
     address = {Los Alamitos, CA, USA}
}

@article{ Tappert1990,
     author = {Charles C. Tappert and Ching Y. Suen and Toru Wakahara},
     title = {{T}he {S}tate of the {A}rt in {O}nline {H}andwriting {R}ecognition},
     journal ={IEEE Transactions on Pattern Analysis and Machine Intelligence},
     volume = {12},
     number = {8},
     issn = {0162-8828},
     year = {1990},
     pages = {787-808},
     doi = {http://doi.ieeecomputersociety.org/10.1109/34.57669},
     publisher = {IEEE Computer Society},
     address = {Los Alamitos, CA, USA}
}

@article{Tokuno2002,
author = {Junko Tokuno and Nobuhito Inami and Shigeki Matsuda and Mitsuru Nakai and Hiroshi Shimodaira and Shigeki Sagayama},
title = {{C}ontext-{D}ependent {S}ubstroke {M}odel for {HMM}-{B}ased {O}n-{L}ine {H}andwriting {R}ecognition},
journal ={International Workshop on Frontiers in Handwriting Recognition},
volume = {0},
year = {2002},
isbn = {0-7695-1692-0},
pages = {78},
doi = {http://doi.ieeecomputersociety.org/10.1109/IWFHR.2002.1030888},
publisher = {IEEE Computer Society},
address = {Los Alamitos, CA, USA},
}

@Book{ Unicode2000,
  author = 	 {{The Unicode Consortium}},
  title = 	 {{T}he {U}nicode {S}tandard. {V}ersion 3.0},
  publisher = 	 {Addison-Wesley},
  year = 	 {2000}
}

@article{Velek2002a,
     author = {Ondřej Velek and Stefan Jaeger and Masaki Nakagawa},
     title = {{A} {N}ew {W}arping {T}echnique for {N}ormalizing {L}ikelihood of {M}ultiple {C}lassifiers and {I}ts {E}ffectiveness in {C}ombined {O}n-line/{O}ff-line {J}apanese {C}haracter {R}ecognition},
     journal ={International Workshop on Frontiers in Handwriting Recognition},
     volume = {0},
     year = {2002},
     isbn = {0-7695-1692-0},
     pages = {177},
     doi = {http://doi.ieeecomputersociety.org/10.1109/IWFHR.2002.1030905},
     publisher = {IEEE Computer Society},
     address = {Los Alamitos, CA, USA}
}



@Article{Vuori2002,
  author = 	 {VuoriADDPROPERREFERENCESTOVUORI},
  title = 	 {},
  journal = 	 {},
  year = 	 {2525},
  OPTkey = 	 {},
  OPTvolume = 	 {},
  OPTnumber = 	 {},
  OPTpages = 	 {},
  OPTmonth = 	 {},
  OPTnote = 	 {},
  OPTannote = 	 {}
}

@InBook{Woods2002,
  author = 	 {Victoria Woods and Sarah Hastings and Peter Buckle and Roger Haslam},
  title = 	 {{E}rgonomics of using a mouse or other non-keyboard input device},
  chapter = 	 {3},
  publisher = 	 {Health and Safety Executive},
  year = 	 {2002},
  number = 	 {045},
  series = 	 {HSE research report},
  address = 	 {London},
  pages = 	 {23},
  url =          {http://hdl.handle.net/2134/2559}
}

@incollection{Zanibbi2005,
  author = 	 {Richard Zanibbi and D. Blostein and James R. Cordy},
  title = 	 {{R}ecognition {T}asks are {I}mitation {G}ames},
  booktitle = 	 {Pattern Recognition and Data Mining},
  pages = 	 {209-218},
  year = 	 {2005},
  editor = 	 {Singh, Sameer and Singh, Maneesha and Apte, Chid and Perner, Petra},
  publisher =	 {Springer},
  address =	 {Berlin/Heidelberg, Germany},
  volume = 	 {3686},
  series =       {Lecture Notes in Computer Science}
}
