@Book{Chamberlain1982,
  author = 	 {Chamberlain, Basil Hall},
  title = 	 {The Kojiki: Records of Ancient Matters},
  publisher = 	 {Tuttle Publishing},
  year = 	 {1982},
  address = 	 {Boston, USA},
  edition = 	 {2nd}
}

@InCollection{Foljanty1984,
  author = 	 {Detlef Foljanty},
  title = 	 {{D}ie japanische {S}chrift (in German)},
  booktitle = 	 {Japanische Schrift, Lautstrukturen, Wortbildung},
  pages = 	 {29-63},
  publisher = 	 {Julius Groos Verlag},
  year = 	 {1984},
  editor = 	 {{Institut für deutsche Sprache Mannheim} and Tohru Kaneko and Gerhard Stickel},
  volume = 	 {1},
  series = 	 {Deutsch und Japanisch im Kontrast},
  chapter = 	 {2},
  address = 	 {Heidelberg}
}

@InCollection{Grassmuck1997,
  author = 	 {Grassmuck, Volker},
  title = 	 {{D}ie japanische {S}chrift und ihre {D}igitalisierung (in German)},
  booktitle = 	 {Reden über Medien},
  publisher = {Hochschulverlag},
  year = 	 {1997},
  editor = 	 {Winfried Nöth and Karin Wenz},
  volume = 	 {II},
  series = 	 {Reihe Intervalle. Schriften des WZ},
  url = {http://waste.informatik.hu-berlin.de/grassmuck/Texts/jp-schrift.html},
  address = 	 {Kassel}
}

@InProceedings{Guo2000,
  author = 	 {Guo, Zhiyu and Kexin Liua and Xiangyang Lua and Hongji Maa and Kun Lia and Sixun Yuanb and Xiaohong Wub},
  title = 	 {{T}he {U}se of {AMS} {R}adiocarbon {D}ating for {X}ia–{S}hang–{Z}hou {C}hronology},
  booktitle = {Nuclear Instruments and Methods in Physics Research Section B: Beam Interactions with Materials and Atoms},
  pages = 	 {724-731},
  year = 	 {2000},
  volume = 	 {172},
  publisher = 	 {Elsevier B.V.},
  month = 	 {October},
  organization = {8th International Conference on Accelerator Mass Spectrometry},
  url = 	 {http://dx.doi.org/10.1016/S0168-583X(00)00368-2} 
}

@Book{Haschke2008,
  author = 	 {Haschke, Barbara and Gothild Thomas},
  title = 	 {{K}leines {L}exikon {D}eutscher {W}örter {J}apanischer {H}erkunft - von {A}ikido bis {Z}en (in German)},
  publisher = 	 {Beck},
  year = 	 {2008},
  address = 	 {Munich},
  edition = 	 {1st}
}

@Book{Hadamitzky1995,
  author = 	 {Wolgang Hadamitzky},
  title = 	 {{K}anji und {K}ana},
  publisher = 	 {Langenscheidt KG},
  year = 	 {1995},
  volume = 	 {1},
  series = 	 {Kanji und Kana},
  address = 	 {Berlin}
}

@Book{Heisig2007,
  author = 	 {Heisig, James W. and Robert Rauther},
  title = 	 {{D}ie {K}anji lernen und behalten (in German)},
  publisher = 	 {Klostermann},
  year = 	 {2007},
  volume = 	 {1},
  series = 	 {Die Kanji lernen und behalten},
  address = 	 {Göttingen},
  edition = 	 {2}
}

@Book{Kano1990,
  author = 	 {Kano, Chieko and Yuri Shimizu and Hiroko Takenaka and Eriko Ishii},
  title = 	 {{B}asic {K}anji {B}ook},
  publisher = 	 {Bonjinsha},
  year = 	 {1990},
  volume = 	 {1},
  month = 	 {January}
}

@Book{Katsuki2006Book,
  author = 	 {Katsuki-Pestemer, Noriko},
  title = 	 {Grundstudium Japanisch 2 (in German)},
  publisher = 	 {Bildungsverlag EINS},
  year = 	 {2006},
  volume = 	 {2},
  series = 	 {Grundstudium Japanisch},
  address = 	 {Troisdorf},
  edition = 	 {2nd}
}

@Book{Katsuki2006Workbook,
  author = 	 {Katsuki-Pestemer, Noriko},
  title = 	 {Kanji-Arbeitsheft (in German)},
  publisher = 	 {Bildungsverlag EINS},
  year = 	 {2006},
  volume = 	 {3},
  series = 	 {Grundstudium Japanisch},
  address = 	 {Troisdorf}
}

@Book{Lange1922,
  author = 	 {Rudolf Lange},
  title = 	 {{E}inführung in die {J}apanische {S}chrift (in German)},
  publisher = 	 {Walter de Gruyter},
  year = 	 {1922},
  number = 	 {15},
  series = 	 {Lehrbücher des Seminars für orientalische Sprachen},
  address = 	 {Berlin},
  edition = 	 {2nd}
}

@Article{Noguchi2009,
  author = 	 {Noguchi, Mary Sisk},
  title = 	 {{G}et set for next year's overhaul of official kanji},
  journal = 	 {The Japan Times Online},
  year = 	 {2009},
  month = 	 {October 21},
  url = 	 {\url{http://search.japantimes.co.jp/cgi-bin/ek20091021mn.html}},
  note = { Online. Retrieved 2010-01-14 from \url{http://search.japantimes.co.jp/cgi-bin/ek20091021mn.html}}
}

@Book{Rowley1992,
  author = 	 {Michael Rowley},
  title = 	 {{K}anji {P}ict-{O}-{G}raphix: {O}ver 1,000 {J}apanese {K}anji and {K}ana {M}nemonics},
  publisher = 	 {Stone Bridge Press},
  year = 	 {1992},
  month = 	 {August},  
  address = 	 {Berkeley CA, USA}
}

@Book{Tsujimura2007,
  author = 	 {Tsujimura, Natsuko},
  title = 	 {{A}n {I}ntroduction to {J}apanese {L}inguistics},
  publisher = 	 {Blackwell Publishing},
  year = 	 {2007},
  address = 	 {Oxford},
  edition = 	 {2nd},
  series = 	 {Blackwell Textbooks in Linguistics}
}

@InCollection{Wydell1998,
  author = 	 {Wydell, Taeko Nakayama},
  title = 	 {{W}hat {M}atters in {K}anji {W}ord {N}aming: {C}onsistency, {R}egularity, or {O}n/{K}un-{R}eading {D}ifference?},
  booktitle = 	 {Cognitive Processing of the Chinese and the Japanese Languages},
  pages = 	 {359-373},
  publisher = {Kluwer Academic Publishers},
  year = 	 {1998},
  editor = 	 {Katsuo Tamaoka and Che Kan Leong},
  volume = 	 {14},
  series = 	 {Neuropsychology and Cognition},
  address = 	 {Dordrecht, The Netherlands}
}

@InCollection{Yuan2005,
  author = 	 {Yuan, Wei and Jianfeng Gao and Hisami Suzuki},
  title = 	 {{A}n {E}mpirical {S}tudy on {L}anguage {M}odel {A}daptation {U}sing a {M}etric of {D}omain {S}imilarity},
  booktitle = 	 {Natural Language Processing – IJCNLP 2005},
  pages = 	 {957-968},
  publisher = {Springer},
  year = 	 {2005},
  editor = 	 {Robert Dale and Kam-Fai Wong and Jian Su and Oi Yee Kwong},
  series = 	 {Lecture Notes in Artificial Intelligence},
  address = 	 {Heidelberg},
  month = 	 {September},
  doi = {10.1007/11562214},
  url = {http://www.springerlink.com/content/6ft76c6h5qp2b5mj/},
  isbn = {978-3-540-29172-5},
  issn = {0302-9743 (Print) 1611-3349 (Online)}
}