@MastersThesis{Stahlmann2004,
  author = 	 {Rainer Stahlmann},
  title = 	 {{D}idaktische, inhaltliche und funktionelle {O}ptimierung einer selbst entwickelten {C}hinesischlernsoftware (in German)},
  school = 	 {Offenburg University of Applied Sciences},
  year = 	 {2004},
  address = 	 {Offenburg, Germany},
  note = 	 {Manuscript committee: Prof. Dr. Roland Riempp (supervisor), Prof. Dr. Thomas Breyer-Mayerl√§nder}
}

@InCollection{Zimmer2009,
  author = 	 {Gehard Zimmer},
  title = 	 {{B}ildung mit {E}-{L}earning},
  booktitle = 	 {Multimedia und ethische Bildung},
  pages = 	 {61-92},
  publisher = 	 {Peter Lang},
  year = 	 {2009},
  editor = 	 {Bernd Mikuszeit and Ute Szudra},
  chapter = 	 {1.3},
  address = 	 {Frankfurt am Main, Germany}
}

